@article{Tropin2021AdvancedHM,
  title={Advanced Hough-based method for on-device document localization},
  author={D. V. Tropin and Aleksandr M. Ershov and Dmitry P. Nikolaev and Vladimir V. Arlazarov},
  journal={ArXiv},
  year={2021},
  volume={abs/2106.09987}
}

@inproceedings{javed2017real,
  title={Real-time document localization in natural images by recursive application of a cnn},
  author={Javed, Khurram and Shafait, Faisal},
  booktitle={2017 14th IAPR International Conference on Document Analysis and Recognition (ICDAR)},
  volume={1},
  pages={105--110},
  year={2017},
  organization={IEEE}
}

@inproceedings{yuan2020object,
  title={Object-contextual representations for semantic segmentation},
  author={Yuan, Yuhui and Chen, Xilin and Wang, Jingdong},
  booktitle={European conference on computer vision},
  pages={173--190},
  year={2020},
  organization={Springer}
}

@inproceedings{lin2010image,
  title={Image registration based on corner detection and affine transformation},
  author={Lin, Hui and Du, Peijun and Zhao, Weichang and Zhang, Lianpeng and Sun, Huasheng},
  booktitle={2010 3rd International Congress on Image and Signal Processing},
  volume={5},
  pages={2184--2188},
  year={2010},
  organization={IEEE}
}

@inproceedings{shrivastava2016training,
  title={Training region-based object detectors with online hard example mining},
  author={Shrivastava, Abhinav and Gupta, Abhinav and Girshick, Ross},
  booktitle={Proceedings of the IEEE conference on computer vision and pattern recognition},
  pages={761--769},
  year={2016}
}

@inproceedings{milletari2016v,
  title={V-net: Fully convolutional neural networks for volumetric medical image segmentation},
  author={Milletari, Fausto and Navab, Nassir and Ahmadi, Seyed-Ahmad},
  booktitle={2016 fourth international conference on 3D vision (3DV)},
  pages={565--571},
  year={2016},
  organization={IEEE}
}

@article{wang2020deep,
  title={Deep high-resolution representation learning for visual recognition},
  author={Wang, Jingdong and Sun, Ke and Cheng, Tianheng and Jiang, Borui and Deng, Chaorui and Zhao, Yang and Liu, Dong and Mu, Yadong and Tan, Mingkui and Wang, Xinggang and others},
  journal={IEEE transactions on pattern analysis and machine intelligence},
  volume={43},
  number={10},
  pages={3349--3364},
  year={2020},
  publisher={IEEE}
}

@article{wu2004douglas,
  title={The Douglas-peucker algorithm: sufficiency conditions for non-self-intersections},
  author={Wu, Shin-Ting and da Silva, Adler CG and M{\'a}rquez, Mercedes RG},
  journal={Journal of the Brazilian Computer Society},
  volume={9},
  pages={67--84},
  year={2004},
  publisher={SciELO Brasil}
}

@article{hartigan1979algorithm,
  title={Algorithm AS 136: A k-means clustering algorithm},
  author={Hartigan, John A and Wong, Manchek A},
  journal={Journal of the royal statistical society. series c (applied statistics)},
  volume={28},
  number={1},
  pages={100--108},
  year={1979},
  publisher={JSTOR}
}

@article{bao2005canny,
  title={Canny edge detection enhancement by scale multiplication},
  author={Bao, Paul and Zhang, Lei and Wu, Xiaolin},
  journal={IEEE transactions on pattern analysis and machine intelligence},
  volume={27},
  number={9},
  pages={1485--1490},
  year={2005},
  publisher={IEEE}
}

@inproceedings{ronneberger2015u,
  title={U-net: Convolutional networks for biomedical image segmentation},
  author={Ronneberger, Olaf and Fischer, Philipp and Brox, Thomas},
  booktitle={International Conference on Medical image computing and computer-assisted intervention},
  pages={234--241},
  year={2015},
  organization={Springer}
}